<?xml version="1.0" encoding="UTF-8"?>
<OAI-PMH xmlns="http://www.openarchives.org/OAI/2.0/" xmlns:xsi="http://www.w3.org/2001/XMLSchema-instance" xsi:schemaLocation="http://www.openarchives.org/OAI/2.0/ http://www.openarchives.org/OAI/2.0/OAI-PMH.xsd">
<ListRecords>
<record>
<header status="updated">
<identifier>urm_publish:71286985920002121</identifier>
</header>
<metadata>
<record xmlns="http://www.loc.gov/MARC21/slim" xmlns:xsi="http://www.w3.org/2001/XMLSchema-instance" xsi:schemaLocation="http://www.loc.gov/MARC21/slim http://www.loc.gov/standards/marcxml/schema/MARC21slim.xsd" ><leader>00825mam a2200241 a 4500</leader><controlfield tag="005">19990604082155.0</controlfield><controlfield tag="008">880330s1987    at            00011 eng d</controlfield><controlfield tag="001">999588721702121</controlfield><datafield tag="020" ind1=" " ind2=" "><subfield code="a">020715550X</subfield></datafield><datafield tag="035" ind1=" " ind2=" "><subfield code="a">(OCoLC)17701473</subfield></datafield><datafield tag="035" ind1=" " ind2=" "><subfield code="9">AJU7055UW</subfield></datafield><datafield tag="035" ind1=" " ind2=" "><subfield code="a">(WU)1242352-uwmadisondb</subfield></datafield><datafield tag="040" ind1=" " ind2=" "><subfield code="a">GZM</subfield><subfield code="b">eng</subfield><subfield code="c">GZM</subfield></datafield><datafield tag="050" ind1=" " ind2="4"><subfield code="a">PR9619.3.L49</subfield><subfield code="b">S4 1987</subfield></datafield><datafield tag="100" ind1="1" ind2=" "><subfield code="a">Lindsay, Joan Weigall,</subfield><subfield code="c">Lady.</subfield><subfield code="2">LCNAMES</subfield><subfield code="0">41-LIBRARY_OF_CONGRESS-n  50081512</subfield><subfield code="9">Y</subfield></datafield><datafield tag="245" ind1="1" ind2="4"><subfield code="a">The secret of Hanging Rock /</subfield><subfield code="c">Joan Lindsay's final chapter ; with an introduction by John Taylor and a commentary by Yvonne Rousseau.</subfield></datafield><datafield tag="264" ind1=" " ind2="1"><subfield code="a">North Ryde, N.S.W. :</subfield><subfield code="b">Angus &amp; Robertson,</subfield><subfield code="c">1987.</subfield></datafield><datafield tag="300" ind1=" " ind2=" "><subfield code="a">58 pages ;</subfield><subfield code="c">22 cm</subfield></datafield><datafield tag="336" ind1=" " ind2=" "><subfield code="a">text</subfield><subfield code="b">txt</subfield><subfield code="2">rdacontent</subfield></datafield><datafield tag="337" ind1=" " ind2=" "><subfield code="a">unmediated</subfield><subfield code="b">n</subfield><subfield code="2">rdamedia</subfield></datafield><datafield tag="338" ind1=" " ind2=" "><subfield code="a">volume</subfield><subfield code="b">nc</subfield><subfield code="2">rdacarrier</subfield></datafield><datafield tag="500" ind1=" " ind2=" "><subfield code="a">The final chapter of Picnic at Hanging Rock.</subfield></datafield><datafield tag="997" ind1=" " ind2=" "><subfield code="a">MARCIVE</subfield></datafield><datafield tag="100" ind1="1" ind2=" "><subfield code="a">Lindsay, Joan,</subfield><subfield code="c">Lady</subfield><subfield code="2">LCNAMES</subfield><subfield code="0">41-LIBRARY_OF_CONGRESS-n  50081512</subfield><subfield code="9">R</subfield></datafield><datafield tag="100" ind1="1" ind2=" "><subfield code="w">nnnc</subfield><subfield code="a">Livingstone-Stanley, Serena</subfield><subfield code="2">LCNAMES</subfield><subfield code="0">41-LIBRARY_OF_CONGRESS-n  50081512</subfield><subfield code="9">R</subfield></datafield><datafield tag="100" ind1="1" ind2=" "><subfield code="w">nnnc</subfield><subfield code="a">Stanley, Serena Livingstone-</subfield><subfield code="2">LCNAMES</subfield><subfield code="0">41-LIBRARY_OF_CONGRESS-n  50081512</subfield><subfield code="9">R</subfield></datafield><datafield tag="100" ind1="1" ind2=" "><subfield code="a">Weigall, Joan à Beckett</subfield><subfield code="2">LCNAMES</subfield><subfield code="0">41-LIBRARY_OF_CONGRESS-n  50081512</subfield><subfield code="9">R</subfield></datafield><datafield tag="INST" ind1=" " ind2=" "><subfield code="a">01UWI_NETWORK</subfield><subfield code="b">P</subfield><subfield code="c">71286985920002121</subfield></datafield><datafield tag="INST" ind1=" " ind2=" "><subfield code="a">01UWI_MAD</subfield><subfield code="b">P</subfield><subfield code="c">21522564520002122</subfield></datafield><datafield tag="AVA" ind1=" " ind2=" "><subfield code="a">01UWI_MAD</subfield><subfield code="b">ILL</subfield><subfield code="c">ILL Lending Location</subfield><subfield code="d">PR9619.3 L49 S4 1987</subfield><subfield code="e">available</subfield><subfield code="f">1</subfield><subfield code="g">0</subfield><subfield code="j">illlending</subfield><subfield code="k">0</subfield><subfield code="p">1</subfield><subfield code="q">ILL Library</subfield></datafield><datafield tag="MMS" ind1=" " ind2=" "><subfield code="b">999588721702121</subfield><subfield code="a">01UWI_NETWORK</subfield></datafield><datafield tag="MMS" ind1=" " ind2=" "><subfield code="b">9912423523602122</subfield><subfield code="a">01UWI_MAD</subfield></datafield></record>
</metadata>
</record>
</ListRecords>
</OAI-PMH>